@book{knuth1984tex,
  title={TeX and METAFONT, new directions in typesetting},
  author={Knuth, Donald E},
  year={1984},
  publisher={Addison-Wesley}
}